@article{scheffer12,
         author = {{M. Scheffer, et al.}},
         title = {},
         journal = {Science},
         volume = {338},
         year = {2012},
}
@article{kramers40,
         author = {Kramers, H. A.},
         title = {},
         journal = {Physica},
         volume = {7},
         year = {1940},
}
@article{kuehn11,
         author = {Kuehn, C.},
         title = {},
         journal = {Physica D},
         volume = {240},
         year = {2011},
}
