@article{scheffer12,
         author = {{M. Scheffer, et al.}},
         title = {},
         journal = {Science},
         volume = {338},
         year = {2012},
}
@article{Kuehn11,
         author = {Kuehn, C.},
         title = {},
         journal = {Physica D},
         volume = {240},
         year = {2011},
}
@article{Ashwin17,
         author = {{P. Ashwin, et al.}},
         title = {},
         journal = {Nonlinearity},
         volume = {30},
         year = {2017},
}
@article{Berglund03,
         author = {{N. Berglund and B. Gentz}},
         title = {},
         journal = {{J. Diff. Eq.}},
         volume = {191},
         year = {2003},
}
@article{Ritchie16,
         author = {P. Ritchie and J. Sieber},
         title = {},
         journal = {Chaos},
         volume = {26},
         year = {2016},
}
@article{Lenton12,
         author = {{T. Lenton, et al.}},
         title = {},
         journal = {Philos. T. R. Soc. A},
         volume = {370},
         year = {2012},
}
