@article{Zahler77,
title = {Claims and accomplishments of applied catastrophe theory},
journal = {Nature},
volume = {269},
pages = {759–763},
year = {1977},
doi = {10.1038/269759a0},
author = {Zahler, R. and Sussmann, H.},
}
@article{May77,
title = {Thresholds and breakpoints in ecosystems with a multiplicity of stable states},
journal = {Nature},
volume = {269},
pages = {471–477},
year = {1977},
doi = {10.1038/269471a0},
author = {May, R.},
}
@article{Wissel84,
title = {A universal law of the characteristic return time near thresholds},
journal = {Oecologia},
volume = {65},
pages = {101–107},
year = {1984},
doi = {10.1007/BF00384470},
author = {Wissel, C.},
}
@article{Wiesenfeld86,
title = {Small-signal amplification in bifurcating dynamical systems},
author = {Wiesenfeld, Kurt and McNamara, Bruce},
journal = {{Physical Review A}},
volume = {33},
issue = {1},
pages = {629--642},
year = {1986},
publisher = {American Physical Society},
doi = {10.1103/PhysRevA.33.629},
}
@book{Strogatz94,
author = {Strogatz, S.H.},
title = {Nonlinear Dynamics and Chaos: With Applications to Physics, Biology, Chemistry, and Engineering (2nd ed.)},
publisher = {CRC Press},
doi = {10.1201/9780429492563},
year = {2015}
}
@article{Ives95,
author = {Ives, Anthony R.},
title = {Measuring Resilience in Stochastic Systems},
journal = {Ecological Monographs},
volume = {65},
number = {2},
pages = {217-233},
doi = {10.2307/2937138},
year = {1995}
}
@book{Risken96,
author = {Risken, H.},
title = {The {Fokker-Planck} Equation: Methods of Solution and Applications},
publisher = {Springer},
year = {1996},
doi = {10.1007/978-3-642-61544-3},
}
@article{Huang98,
author = {Huang, Norden E.  and Shen, Zheng  and Long, Steven R.  and Wu, Manli C.  and Shih, Hsing H.  and Zheng, Quanan  and Yen, Nai-Chyuan  and Tung, Chi Chao  and Liu, Henry H. },
title = {The empirical mode decomposition and the {Hilbert} spectrum for nonlinear and non-stationary time series analysis},
journal = {{Proceedings of the Royal Society A}},
volume = {454},
number = {1971},
pages = {903-995},
year = {1998},
doi = {10.1098/rspa.1998.0193},
}
@article{Vandewalle98,
title = {The crash of {October} 1987 seen as a phase transition: amplitude and universality},
journal = {{Physica A}: Statistical Mechanics and its Applications},
volume = {255},
number = {1},
pages = {201-210},
year = {1998},
issn = {0378-4371},
doi = {10.1016/S0378-4371(98)00115-0},
author = {N. Vandewalle and Ph. Boveroux and A. Minguet and M. Ausloos},
}
@article{Gandhi98,
title = {Critical Slowing Down in Time-to-extinction: an Example of Critical Phenomena in Ecology},
journal = {Journal of Theoretical Biology},
volume = {192},
number = {3},
pages = {363-376},
year = {1998},
issn = {0022-5193},
doi = {10.1006/jtbi.1998.0660},
author = {Amar Gandhi and Simon Levin and Steven Orszag},
}
@article{deMonecal00,
title = {Abrupt onset and termination of the {African Humid Period}: rapid climate responses to gradual insolation forcing},
journal = {Quaternary Science Reviews},
volume = {19},
number = {1},
pages = {347-361},
year = {2000},
doi = {10.1016/S0277-3791(99)00081-5},
author = {Peter deMenocal and Joseph Ortiz and Tom Guilderson and Jess Adkins and Michael Sarnthein and Linda Baker and Martha Yarusinsky},
}
@article{Petit01,
title = {Climate and atmospheric history of the past 420,000 years from the {Vostok} ice core, {Antarctica}},
journal = {Nature},
volume = {399},
pages = {429-436},
year = {1999},
doi = {10.1038/20859},
author = {Petit, J.R. and Jouzel, J. and Raynaud, D. and Barkov, N.I. Barnola, J. and Basile, I. and Bender, M. and Chappellaz, J. and Davis, M. and Delaygue, G. and Delmotte, M. and Kotlyakov, V.M. and Legrand, M. and Lipenkov, V.Y. and Lorius, C. and Pepin, Ritz, L. and Saltzman, E. and Stievenard, M.},
}
@article{Scheffer01,
title = {Catastrophic shifts in ecosystems},
journal = {Nature},
volume = {413},
pages = {591–596},
year = {2001},
doi = {10.1038/35098000},
author = {Scheffer, M. and Carpenter, S. and Foley, J. and Folke, C. and Walker, B.},
}
@article{Litt01,
title = {Epileptic Seizures May Begin Hours in Advance of Clinical Onset: A Report of Five Patients},
journal = {Neuron},
volume = {30},
number = {1},
pages = {51-64},
year = {2001},
doi = {10.1016/S0896-6273(01)00262-8},
author = {Brian Litt and Rosana Esteller and Javier Echauz and Maryann D'Alessandro and Rachel Shor and Thomas Henry and Page Pennell and Charles Epstein and Roy Bakay and Marc Dichter and George Vachtsevanos},
}
@article {Zhang02,
author = {Zhang, J. and Yu, C. and Holgate, S.T. and Reiss, T.F.},
title = {Variability and lack of predictive ability of asthma end-points in clinical trials},
volume = {20},
number = {5},
pages = {1102--1109},
year = {2002},
doi = {10.1183/09031936.02.02402001},
publisher = {European Respiratory Society},
journal = {European Respiratory Journal}
}
@article{Kleinen03,
author = {Kleinen, T. and Held, H. and Petschel-Held, G.},
title = {The potential role of spectral properties in detecting thresholds in the {Earth} system: application to the thermohaline circulation},
journal = {Ocean Dynamics},
volume = {53},
number = {},
pages = {53–63},
doi = {10.1007/s10236-002-0023-6},
year = {2003}
}
@article{McSharry03,
author = {McSharry, P. and Smith, L. and Tarassenko, L.},
title = {Prediction of epileptic seizures: are nonlinear methods relevant?},
journal = {Nature Medicine},
volume = {9},
pages = {241-242},
doi = {10.1038/nm0303-241},
year = {2003}
}
@article{Held04,
author = {Held, H. and Kleinen, T.},
title = {Detection of climate system bifurcations by degenerate fingerprinting},
journal = {Geophysical Research Letters},
volume = {31},
number = {23},
pages = {},
doi = {10.1029/2004GL020972},
year = {2004}
}
@article{Rietkerk04,
author = {Max Rietkerk  and Stefan C. Dekker  and Peter C. de Ruiter  and Johan van de Koppel },
title = {Self-Organized Patchiness and Catastrophic Shifts in Ecosystems},
journal = {Science},
volume = {305},
number = {5692},
pages = {1926-1929},
year = {2004},
doi = {10.1126/science.1101867},
}
@article{Tripati05,
author = {Tripati, A. and Backman, J. and Elderfield, H and Ferretti, P.},
title = {Eocene bipolar glaciation associated with global carbon cycle changes},
journal = {Nature},
volume = {436},
number = {},
pages = {341-346},
year = {2005},
doi = {10.1038/nature03874},
}
@article{Oborny05,
author = {Oborny, G{é}za Mesz{é}na and Gy{ö}rgy Szab{ó}, Be{á}ta},
title = {Dynamics of populations on the verge of extinction},
journal = {Oikos},
volume = {109},
number = {2},
pages = {291-296},
doi = {10.1111/j.0030-1299.2005.13783.x},
year = {2005}
}
@article{Frey05,
author = {Frey, U. and Brodbeck, T. and Majumdar, A. and  Taylor, R. and Town, I. and Silverman, M. and Suki, B.},
title = {Risk of severe asthma episodes predicted from fluctuation analysis of airway function},
journal = {Nature},
volume = {438},
pages = {667–670},
doi = {10.1038/nature04176},
year = {2005}
}
@article{Venegas05,
author = {Venegas, J.G. and Winkler, T. and Musch, G. and Vidal Melo, M. and Layfield, D. and Tgavalekos, N. and Fischman, A.J. and Callahan, R.J. and Bellani, G. and Harris, S. },
title = {Self-organized patchiness in asthma as a prelude to catastrophic shifts},
journal = {Nature},
volume = {434},
pages = {777–782},
doi = {10.1038/nature03490},
year = {2005}
}
@article{Tee05,
author = {Tee, G.J.},
title = {Eigenvectors of block circulant and alternating circulant matrices},
journal = {Research letters in the information and mathematical sciences},
volume = {8},
pages = {123-142},
year = {2005},
url = {http://hdl.handle.net/10179/4456},
}
@inbook{Brock06,
title = {Chapter 3: Tipping Points, Abrupt Opinion Changes and Punctuated Policy Change},
booktitle = {Punctuated Equilibrium and the Dynamics of {U.S.} Environmental Policy},
author = {William A. Brock},
editor = {Robert Repetto},
publisher = {Yale University Press},
address = {New Haven},
pages = {47--77},
doi = {10.12987/9780300129748-005},
isbn = {9780300129748},
year = {2006},
}
@article{Carpenter06,
author = {Carpenter, S. R. and Brock, W. A.},
title = {Rising variance: a leading indicator of ecological transition},
journal = {Ecology Letters},
volume = {9},
number = {3},
pages = {311-318},
doi = {10.1111/j.1461-0248.2005.00877.x},
year = {2006}
}
@article{Burke07,
title = {Snakes and ladders: Localized states in the {Swift–Hohenberg} equation},
journal = {{Physics Letters A}},
volume = {360},
number = {6},
pages = {681-688},
year = {2007},
doi = {10.1016/j.physleta.2006.08.072},
author = {John Burke and Edgar Knobloch},
}
@article{Wu07,
author = {Zhaohua Wu  and Norden E. Huang  and Steven R. Long  and Chung-Kang Peng },
title = {On the trend, detrending, and variability of nonlinear and nonstationary time series},
journal = {{Proceedings of the National Academy of Sciences}},
volume = {104},
number = {38},
pages = {14889-14894},
year = {2007},
doi = {10.1073/pnas.0701020104},
}
@article{Kefi07,
author = {Kéfi, S. and Rietkerk, M. and Alados, C. and Pueyo, Y. and Papanastasis, V. and ElAich, A. and de Ruiter, P.},
title = {Spatial vegetation patterns and imminent desertification in {Mediterranean} arid ecosystems},
journal = {Nature},
volume = {449},
number = {},
pages = {213-217},
doi = {10.1038/nature06111},
year = {2007}
}
@article{Livina07,
author = {Livina, V. N. and Lenton, T. M.},
title = {A modified method for detecting incipient bifurcations in a dynamical system},
journal = {Geophysical Research Letters},
volume = {34},
number = {3},
pages = {},
doi = {10.1029/2006GL028672},
year = {2007}
}
@article{vanNes07,
author = {{van Nes}, Egbert H. and Scheffer, Marten},
title = {Slow Recovery from Perturbations as a Generic Indicator of a Nearby Catastrophic Shift.},
journal = {The {American} Naturalist},
volume = {169},
number = {6},
pages = {738-747},
year = {2007},
doi = {10.1086/516845},
}
@article{Litzow08,
author = {Litzow, Michael A. and Urban, J. Daniel and Laurel, Benjamin J.},
title = {Increased spatial variance accompanies reorganization of two continental shelf ecosystems},
journal = {Ecological Applications},
volume = {18},
number = {6},
pages = {1331-1337},
doi = {10.1890/07-0998.1},
year = {2008}
}
@article{Dakos08,
author = {Vasilis Dakos  and Marten Scheffer  and Egbert H. {van Nes}  and Victor Brovkin  and Vladimir Petoukhov  and Hermann Held },
title = {Slowing down as an early warning signal for abrupt climate change},
journal = {{Proceedings of the National Academy of Sciences}},
volume = {105},
number = {38},
pages = {14308-14312},
year = {2008},
doi = {10.1073/pnas.0802430105},
}
@article{Guttal08,
author = {Guttal, Vishwesha and Jayaprakash, Ciriyam},
title = {Changing skewness: an early warning signal of regime shifts in ecosystems},
journal = {Ecology Letters},
volume = {11},
number = {5},
pages = {450-460},
doi = {10.1111/j.1461-0248.2008.01160.x},
year = {2008}
}
@article{Carpenter08,
author = {Carpenter, S. R. and Brock, W. A. and Cole, J. J. and Kitchell, J. F. and Pace, M. L.},
title = {Leading indicators of trophic cascades},
journal = {Ecology Letters},
volume = {11},
number = {2},
pages = {128-138},
doi = {10.1111/j.1461-0248.2007.01131.x},
year = {2008}
}
@article{Contamin09,
author = {Contamin, Raphael and Ellison, Aaron M.},
title = {Indicators of regime shifts in ecological systems: What do we need to know and when do we need to know it},
journal = {Ecological Applications},
volume = {19},
number = {3},
pages = {799-816},
doi = {10.1890/08-0109.1},
year = {2009}
}
@article{Guttal09,
author = {Guttal, V. and Jayaprakash, C.},
title = {Spatial variance and spatial skewness: leading indicators of regime shifts in spatial ecological systems},
journal = {Theoretical Ecology},
volume = {2},
number = {},
pages = {3-12},
doi = {10.1007/s12080-008-0033-1},
year = {2009}
}
@article{Lenton09,
author = {Lenton, Timothy M  and Myerscough, Richard J  and Marsh, Robert  and Livina, Valerie N  and Price, Andrew R  and Cox, Simon J},
title = {Using {GENIE} to study a tipping point in the climate system},
journal = {Philosophical Transactions of the Royal Society A},
volume = {367},
number = {1890},
pages = {871-884},
year = {2009},
doi = {10.1098/rsta.2008.0171},
}
@article{Chisholm09,
title = {Critical slowing down as an indicator of transitions in two-species models},
journal = {Journal of Theoretical Biology},
volume = {257},
number = {1},
pages = {142-149},
year = {2009},
issn = {0022-5193},
doi = {10.1016/j.jtbi.2008.11.008},
author = {Ryan A. Chisholm and Elise Filotas},
}
@article{Takimoto09,
author = {Takimoto, Gaku},
title = {Early warning signals of demographic regime shifts in invading populations},
journal = {Population Ecology},
volume = {51},
number = {3},
pages = {419-426},
doi = {10.1007/s10144-009-0148-2},
year = {2009}
}
@article{Biggs09,
author = {Reinette Biggs  and Stephen R. Carpenter  and William A. Brock },
title = {Turning back from the brink: Detecting an impending regime shift in time to avert it},
journal = {{Proceedings of the National Academy of Sciences}},
volume = {106},
number = {3},
pages = {826-831},
year = {2009},
doi = {10.1073/pnas.0811729106},
}
@article{Scheffer09,
author = {Scheffer, M. and Bascompte, J. and Brock, W. and Brovkin, V. and Carpenter, S. and Dakos, V. and Held, H and {van Nes}, E.H. and Rietkerk, M. and Sugihara, G.},
title = {Early-warning signals for critical transitions},
journal = {Nature},
volume = {461},
number = {53–59},
doi = {10.1038/nature08227},
year = {2009},
}
@book{Scheffer09b,
author = {Scheffer, M.},
title = {Critical transitions in nature and society},
publisher = {Princeton University Press},
isbn = {9780691122045},
year = {2009},
}
@article{Carpenter10,
author = {Carpenter, S. R. and Brock, W. A.},
title = {Early warnings of regime shifts in spatial dynamics using the discrete {Fourier} transform},
journal = {Ecosphere},
volume = {1},
number = {5},
doi = {10.1890/ES10-00016.1},
year = {2010}
}
@article{Ditlevsen10,
author = {Ditlevsen, Peter D. and Johnsen, Sigfus J.},
title = {Tipping points: Early warning and wishful thinking},
journal = {Geophysical Research Letters},
volume = {37},
number = {19},
pages = {},
doi = {10.1029/2010GL044486},
year = {2010}
}
@article{Dakos10,
author = {Dakos, V. and {van Nes}, E.H. and Donangelo, R. and Fort, H. and Scheffer, M.},
title = {Spatial correlation as leading indicator of catastrophic shifts},
journal = {Theoretical Ecology},
volume = {3},
number = {},
pages = {163-174},
doi = {10.1007/s12080-009-0060-6},
year = {2010}
}
@article{Drake10,
author = {Drake, J. and Griffen, B.},
title = {Early warning signals of extinction in deteriorating environments},
journal = {Nature},
volume = {467},
number = {},
pages = {456-459},
doi = {10.1038/nature09389},
year = {2010}
}
@Article{Livina10,
AUTHOR = {Livina, V. N. and Kwasniok, F. and Lenton, T. M.},
TITLE = {Potential analysis reveals changing number of climate states during  the last 60 kyr},
JOURNAL = {Climate of the Past},
VOLUME = {6},
YEAR = {2010},
NUMBER = {1},
PAGES = {77-82},
DOI = {10.5194/cp-6-77-2010}
}
@article{Brock10,
author = {Brock, W. A. and Carpenter, S. R.},
title = {Interacting regime shifts in ecosystems: implication for early warnings},
journal = {Ecological Monographs},
volume = {80},
number = {3},
pages = {353-367},
doi = {10.1890/09-1824.1},
year = {2010}
}
@article{Hastings10,
author = {Hastings, Alan and Wysham, Derin B.},
title = {Regime shifts in ecological systems can occur with no warning},
journal = {Ecology Letters},
volume = {13},
number = {4},
pages = {464-472},
doi = {10.1111/j.1461-0248.2010.01439.x},
year = {2010}
}
@article{Donangelo10,
author = {Donangelo, Raul and Fort, Hugo and Dakos, Vasilis and Scheffer, Marten and {van Nes}, Egbert H.},
title = {Early warnings for catastrophic shifts in ecosystems: comparison between spatial and temporal indicators},
journal = {International Journal of Bifurcation and Chaos},
volume = {20},
number = {02},
pages = {315-321},
year = {2010},
doi = {10.1142/S0218127410025764},
}
@article{Wieczorek11,
author = {Wieczorek, S.  and Ashwin, P.  and Luke, C. M.  and Cox, P. M. },
title = {Excitability in ramped systems: the compost-bomb instability},
journal = {{Proceedings of the Royal Society A}},
volume = {467},
pages = {2733-2733},
year = {2011},
doi = {10.1098/rspa.2011.0222},
}
@article{Dakos11,
author = {Dakos, Vasilis and K\'{e}fi, Sonia and Rietkerk, Max and {van Nes}, Egbert H. and Scheffer, Marten},
title = {Slowing down in spatially patterned ecosystems at the brink of collapse},
journal = {The {American} naturalist},
volume = {177},
number = {6},
pages = {153-166},
year = {2011},
doi = {10.1086/659945},
}
@article{Thompson11,
author = {Thompson, J. M. T. and Sieber, Jan},
title = "{Climate tipping as a noisy bifurcation: a predictive technique}",
journal = {{IMA} Journal of Applied Mathematics},
volume = {76},
number = {1},
pages = {27-46},
year = {2010},
issn = {0272-4960},
doi = {10.1093/imamat/hxq060},
}
@article{Bailey11,
author = {Bailey, R. M.},
title = {Spatial and temporal signatures of fragility and threshold proximity in modelled semi-arid vegetation},
journal = {{Proceedings of the Royal Society B}},
volume = {278},
number = {1708},
pages = {1064-1071},
year = {2011},
doi = {10.1098/rspb.2010.1750},
}
@article{Lenton11,
title = {Early warning of climate tipping points},
journal = {Nature Climate Change},
volume = {1},
pages = {201-209},
year = {2011},
doi = {10.1038/nclimate1143},
author = {Timothy Lenton},
}
@article{Kuehn11,
title = {A mathematical framework for critical transitions: bifurcations, fast–slow systems and stochastic dynamics},
journal = {{Physica D: nonlinear phenomena}},
volume = {240},
number = {12},
pages = {1020-1035},
year = {2011},
issn = {0167-2789},
doi = {10.1016/j.physd.2011.02.012},
author = {Christian Kuehn},
}
@article{Carpenter11a,
author = {S. R. Carpenter  and J. J. Cole  and M. L. Pace  and R. Batt  and W. A. Brock  and T. Cline  and J. Coloso  and J. R. Hodgson  and J. F. Kitchell  and D. A. Seekell  and L. Smith  and B. Weidel },
title = {Early Warnings of Regime Shifts: A Whole-Ecosystem Experiment},
journal = {Science},
volume = {332},
number = {6033},
pages = {1079-1082},
year = {2011},
doi = {10.1126/science.1203672},
}
@article{Carpenter11b,
author = {Carpenter, S. R. and Brock, W. A.},
title = {Early warnings of unknown nonlinear shifts: a nonparametric approach},
journal = {Ecology},
volume = {92},
number = {12},
pages = {2196-2201},
doi = {10.1890/11-0716.1},
year = {2011}
}
@article{Seekell11,
author = {Seekell, David A. and Carpenter, Stephen R. and Pace, Michael L.},
title = {Conditional Heteroscedasticity as a Leading Indicator of Ecological Regime Shifts.},
journal = {The {American} Naturalist},
volume = {178},
number = {4},
pages = {442-451},
year = {2011},
doi = {10.1086/661898},
}
@article{Hirota11,
author = {Marina Hirota  and Milena Holmgren  and Egbert H. {van Nes}  and Marten Scheffer },
title = {Global Resilience of Tropical Forest and Savanna to Critical Transitions},
journal = {Science},
volume = {334},
number = {6053},
pages = {232-235},
year = {2011},
doi = {10.1126/science.1210657},
}
@article{Scheffer12,
author = {Marten Scheffer  and Stephen R. Carpenter  and Timothy M. Lenton  and Jordi Bascompte  and William Brock  and Vasilis Dakos  and Johan van de Koppel  and Ingrid A. van de Leemput  and Simon A. Levin  and Egbert H. van Nes  and Mercedes Pascual  and John Vandermeer },
title = {Anticipating Critical Transitions},
journal = {Science},
volume = {338},
number = {6105},
pages = {344-348},
year = {2012},
doi = {10.1126/science.1225244},
}
@article{Dai12,
author = {Lei Dai  and Daan Vorselen  and Kirill S. Korolev  and Jeff Gore },
title = {Generic Indicators for Loss of Resilience Before a Tipping Point Leading to Population Collapse},
journal = {Science},
volume = {336},
number = {6085},
pages = {1175-1177},
year = {2012},
doi = {10.1126/science.1219805},
}
@article{Scheffer12b,
author = {Marten Scheffer  and Marina Hirota  and Milena Holmgren  and Egbert H. {van Nes} and F. Stuart Chapin },
title = {Thresholds for boreal biome transitions},
journal = {{Proceedings of the National Academy of Sciences}},
volume = {109},
number = {52},
pages = {21384-21389},
year = {2012},
doi = {10.1073/pnas.1219844110},
}
@article{Ives12,
author = {Ives, Anthony R. and Dakos, Vasilis},
title = {Detecting dynamical changes in nonlinear time series using locally linear state-space models},
journal = {Ecosphere},
volume = {3},
number = {6},
doi = {10.1890/ES11-00347.1},
year = {2012}
}
@article{Veraart12,
author = {Veraart, A. and Faassen, E. and Dakos, V. and {van Nes}, Egbert H. and Lurling, M. and Scheffer, M.},
title = {Recovery rates reflect distance to a tipping point in a living system},
journal = {Nature},
volume = {481},
pages = {357–359},
number = {},
doi = {10.1038/nature10723},
year = {2012}
}
@article{Dai12,
author = {Lei Dai  and Daan Vorselen  and Kirill S. Korolev  and Jeff Gore },
title = {Generic Indicators for Loss of Resilience Before a Tipping Point Leading to Population Collapse},
journal = {Science},
volume = {336},
number = {6085},
pages = {1175-1177},
year = {2012},
doi = {10.1126/science.1219805},
}
@article{Lenton12,
author = {Lenton, T. M.  and Livina, V. N.  and Dakos, V.  and {van Nes}, E. H.  and Scheffer, M. },
title = {Early warning of climate tipping points from critical slowing down: comparing methods to improve robustness},
journal = {{Philosophical Transactions of the Royal Society A}},
volume = {370},
number = {1962},
pages = {1185-1204},
year = {2012},
doi = {10.1098/rsta.2011.0304},
}
@article{Dakos12a,
doi = {10.1371/journal.pone.0041010},
author = {Dakos, Vasilis AND Carpenter, Stephen R. AND Brock, William A. AND Ellison, Aaron M. AND Guttal, Vishwesha AND Ives, Anthony R. AND Kéfi, Sonia AND Livina, Valerie AND Seekell, David A. AND {van Nes}, Egbert H. AND Scheffer, Marten},
journal = {{PLOS ONE}},
publisher = {Public Library of Science},
title = {Methods for Detecting Early Warnings of Critical Transitions in Time Series Illustrated Using Simulated Ecological Data},
year = {2012},
volume = {7},
pages = {1-20},
number = {7},
}
@article{Ashwin12,
title = {Tipping points in open systems: bifurcation, noise-induced and rate-dependent examples in the climate system},
journal = {{Philosophical Transanctions of the Royal Society A}},
volume = {370},
pages = {1166-1184},
year = {2012},
doi = {10.1098/rsta.2011.0306},
author = {Peter Ashwin and Sebastian Wieczorek and Renato Vitolo and Peter Cox},
}
@article{Lindegren12,
doi = {10.1371/journal.pone.0038410},
author = {Lindegren, Martin AND Dakos, Vasilis AND Gröger, Joachim P. AND Gårdmark, Anna AND Kornilovs, Georgs AND Otto, Saskia A. AND Möllmann, Christian},
journal = {{PLOS ONE}},
publisher = {Public Library of Science},
title = {Early Detection of Ecosystem Regime Shifts: A Multiple Method Evaluation for Management Application},
year = {2012},
volume = {7},
pages = {1-9},
number = {7},
}
@article{Wang12,
doi = {10.1038/nature11655},
author = {Wang, R. and Dearing, J. and Langdon, P.},
journal = {Nature},
title = {Flickering gives early warning signals of a critical transition to a eutrophic lake state},
year = {2012},
volume = {492},
pages = {419–422},
}
@article{Dakos12b,
author = {Dakos, Vasilis and {van Nes}, Egbert H. and D'Odorico, Paolo and Scheffer, Marten},
title = {Robustness of variance and autocorrelation as indicators of critical slowing down},
journal = {Ecology},
volume = {93},
number = {2},
pages = {264-271},
doi = {10.1890/11-0889.1},
year = {2012}
}
@article{Brock12,
doi = {10.1371/journal.pone.0045586},
author = {Brock, William A. AND Carpenter, Stephen R.},
journal = {{PLOS ONE}},
publisher = {Public Library of Science},
title = {Early Warnings of Regime Shift When the Ecosystem Structure Is Unknown},
year = {2012},
volume = {7},
pages = {1-10},
number = {9},
}
@article{Leemput13,
author = {Ingrid A. van de Leemput  and Marieke Wichers  and Angélique O. J. Cramer  and Denny Borsboom  and Francis Tuerlinckx  and Peter Kuppens  and Egbert H. van Nes  and Wolfgang Viechtbauer  and Erik J. Giltay  and Steven H. Aggen  and Catherine Derom  and Nele Jacobs  and Kenneth S. Kendler  and Han L. J. van der Maas  and Michael C. Neale  and Frenk Peeters  and Evert Thiery  and Peter Zachar  and Marten Scheffer },
title = {Critical slowing down as early warning for the onset and termination of depression},
journal = {{Proceedings of the National Academy of Sciences}},
volume = {111},
number = {1},
pages = {87-92},
year = {2014},
doi = {10.1073/pnas.1312114110},
}
@article{Oregan13,
title = {Theory of early warning signals of disease emergenceand leading indicators of elimination},
journal = {Theor. Ecol.},
volume = {6},
pages = {333–357},
year = {2013},
doi = {10.1007/s12080-013-0185-5},
author = {O’Regan, S.M. and Drake, J.M.},
}
@article{Batt13,
title = {Asymmetric response of early warning indicators of phytoplankton transition to and from cycles},
journal = {Theoretical Ecology},
volume = {6},
pages = {285-293},
year = {2013},
doi = {10.1007/s12080-013-0190-8},
author = {Batt, R.D. and Brock, W.A. and Carpenter, S.R. and Cole, J. Pace, M. and Seekell, D.},
}
@article{Dai13,
title = {Slower recovery in space before collapse of connected populations},
journal = {Nature},
volume = {496},
pages = {355–358},
year = {2013},
doi = {10.1038/nature12071},
author = {Dai, L. and Korolev, K. and Gore, J.},
}
@article{Fung13,
author = {Fung, Tak and Seymour, Robert M. and Johnson, Craig R.},
title = {Warning Signals of Regime Shifts as Intrinsic Properties of Endogenous Dynamics.},
journal = {The {American} Naturalist},
volume = {182},
number = {2},
pages = {208-222},
year = {2013},
doi = {10.1086/670930},
}
@article{Dakos13,
author = {Dakos, V. and {van Nes}, E.H. and Scheffer, M.},
title = {Flickering as an early warning signal},
journal = {Theoretical Ecology},
volume = {6},
pages = {309-317},
year = {2013},
doi = {10.1007/s12080-013-0186-4},
}
@article{Kefi13,
author = {Kéfi, Sonia and Dakos, Vasilis and Scheffer, Marten and {van Nes}, Egbert H. and Rietkerk, Max},
title = {Early warning signals also precede non-catastrophic transitions},
journal = {Oikos},
volume = {122},
number = {5},
pages = {641-648},
doi = {10.1111/j.1600-0706.2012.20838.x},
year = {2013}
}
@article{Boerlijst13,
doi = {10.1371/journal.pone.0062033},
author = {Boerlijst, Maarten C. AND Oudman, Thomas AND de Roos, André M.},
journal = {{PLOS ONE}},
publisher = {Public Library of Science},
title = {Catastrophic Collapse Can Occur without Early Warning: Examples of Silent Catastrophes in Structured Ecological Models},
year = {2013},
volume = {8},
pages = {1-6},
number = {4},
}
@article{Kuehn13,
author = {Kuehn, C.},
title = {Warning signs for wave speed transitions of noisy {Fisher–KPP} invasion fronts},
journal = {Theoretical Ecology},
volume = {6},
pages = {295-308},
year = {2013},
doi = {10.1007/s12080-013-0189-1},
}
@article{Kuehn13b,
author = {Kuehn, C.},
title = {A Mathematical Framework for Critical Transitions: Normal Forms, Variance and Applications},
journal = {Journal of Nonlinear Science},
volume = {23},
pages = {457–510},
year = {2013},
doi = {10.1007/s00332-012-9158-x},
}
@article{Dakos14,
author = {Vasilis Dakos  and Jordi Bascompte },
title = {Critical slowing down as early warning for the onset of collapse in mutualistic communities},
journal = {Proceedings of the {National Academy of Sciences}},
volume = {111},
number = {49},
pages = {17546-17551},
year = {2014},
doi = {10.1073/pnas.1406326111},
}
@article{Kefi14,
doi = {10.1371/journal.pone.0092097},
author = {Kéfi, Sonia AND Guttal, Vishwesha AND Brock, William A. AND Carpenter, Stephen R. AND Ellison, Aaron M. AND Livina, Valerie N. AND Seekell, David A. AND Scheffer, Marten AND {van Nes}, Egbert H. AND Dakos, Vasilis},
journal = {{PLOS ONE}},
publisher = {Public Library of Science},
title = {Early Warning Signals of Ecological Transitions: Methods for Spatial Patterns},
year = {2014},
volume = {9},
pages = {1-13},
number = {3},
}
@article{Suweis14,
doi = {10.1371/journal.pone.0101851},
author = {Suweis, Samir AND D'Odorico, Paolo},
journal = {{PLOS ONE}},
publisher = {Public Library of Science},
title = {Early Warning Signs in Social-Ecological Networks},
year = {2014},
volume = {9},
pages = {1-6},
number = {7},
}
@article{Cline14,
author = {Cline, Timothy J. and Seekell, David A. and Carpenter, Stephen R. and Pace, Michael L. and Hodgson, James R. and Kitchell, James F. and Weidel, Brian C.},
title = {Early warnings of regime shifts: evaluation of spatial indicators from a whole-ecosystem experiment},
journal = {Ecosphere},
volume = {5},
number = {8},
doi = {10.1890/ES13-00398.1},
year = {2014}
}
@article{Krkosek14,
author = {Krkošek, Martin  and Drake, John M. },
title = {On signals of phase transitions in salmon population dynamics},
journal = {Proceedings of the {Royal Society B}},
volume = {281},
number = {1784},
year = {2014},
doi = {10.1098/rspb.2013.3221},
}
@article{Suweis14,
doi = {10.1371/journal.pone.0101851},
author = {Suweis, Samir AND D'Odorico, Paolo},
journal = {{PLOS ONE}},
publisher = {Public Library of Science},
title = {Early Warning Signs in Social-Ecological Networks},
year = {2014},
volume = {9},
pages = {1-6},
number = {7},
}
@article{Bos14,
author = {Elisabeth H. Bos  and Peter De Jonge },
title = {{$``\textit{Critical slowing down in depression}"$} is a great idea that still needs empirical proof},
journal = {{Proceedings of the National Academy of Sciences}},
volume = {111},
number = {10},
pages = {878-878},
year = {2014},
doi = {10.1073/pnas.1323672111},
}
@book{Klyatskin15,
author = {Valery I. Klyatskin},
title = {Stochastic Equations: Theory and Applications in Acoustics, Hydrodynamics, Magnetohydrodynamics, and Radiophysics (Vol. 1 and 2)},
publisher = {Springer},
doi = {10.1007/978-3-319-07587-7},
year = {2015}
}
@article{Scheffer15,
author = {Scheffer, Marten and Carpenter, Stephen R. and Dakos, Vasilis and {van Nes}, Egbert H.},
title = {Generic Indicators of Ecological Resilience: Inferring the Chance of a Critical Transition}, 
journal= {Annual Review of Ecology, Evolution, and Systematics},
year = {2015},
volume = {46},
pages = {145-167},
doi = {10.1146/annurev-ecolsys-112414-054242},
}
@article{Kuehn15,
title = {Early-warning signs for pattern-formation in stochastic partial differential equations},
journal = {Communications in Nonlinear Science and Numerical Simulation},
volume = {22},
number = {1},
pages = {55-69},
year = {2015},
issn = {1007-5704},
doi = {10.1016/j.cnsns.2014.09.019},
author = {Karna Gowda and Christian Kuehn},
}
@article{Donovan15,
title = {Spatial pattern formation in the lung},
journal = {Journal of Mathematical Biology},
volume = {70},
pages = {1119-1149},
year = {2015},
doi = {10.1007/s00285-014-0792-9},
author = {Graham Donovan and Thibaut Kritter},
}
@article{Leemput15,
doi = {10.1371/journal.pone.0116859},
author = {{van de Leemput}, Ingrid A. AND {van Nes}, Egbert H. AND Scheffer, Marten},
journal = {{PLOS ONE}},
publisher = {Public Library of Science},
title = {Resilience of Alternative States in Spatially Extended Ecosystems},
year = {2015},
month = {02},
volume = {10},
pages = {1-17},
number = {2},
}
@article{Ritchie16,
author = {Ritchie, Paul and Sieber, Jan},
title = "{Early-warning indicators for rate-induced tipping}",
journal = {Chaos: An Interdisciplinary Journal of Nonlinear Science},
volume = {26},
number = {9},
year = {2016},
doi = {10.1063/1.4963012},
}
@article{Kozlowska16,
title = {Dynamic bifurcations on financial markets},
journal = {Chaos, Solitons {\&} Fractals},
volume = {88},
pages = {126-142},
year = {2016},
issn = {0960-0779},
doi = {10.1016/j.chaos.2016.03.005},
author = {M. Kozłowska and M. Denys and M. Wiliński and G. Link and T. Gubiec and T.R. Werner and R. Kutner and Z.R. Struzik},
}
@article{Wu16,
author = {Wu, Zhaohua  and Feng, Jiaxin  and Qiao, Fangli  and Tan, Zhe-Min },
title = {Fast multidimensional ensemble empirical mode decomposition for the analysis of big spatio-temporal datasets},
journal = {{Philosophical Transactions of the Royal Society A}},
volume = {374},
number = {2065},
year = {2016},
doi = {10.1098/rsta.2015.0197},
}
@article{Liang17,
title = {A universal indicator of critical state transitions in noisy complex networked systems},
journal = {Scientific Reports},
volume = {7},
year = {2017},
doi = {10.1038/srep42857},
author = {Liang, J. and Hu, Y. and Chen, G. and Zhou, T.},
}
@article{Dmitriev17,
title = {The Application of Stochastic Bifurcation Theory to the Early Detection of Economic Bubbles},
journal = {Procedia Computer Science},
volume = {122},
pages = {354-361},
year = {2017},
note = {5th International Conference on Information Technology and Quantitative Management, ITQM 2017},
issn = {1877-0509},
doi = {10.1016/j.procs.2017.11.380},
author = {Andrey Dmitriev and Victor Dmitriev and Oleg Sagaydak and Olga Tsukanova},
}
@article{Rackauckas17,
title={{DifferentialEquations.jl}: a performant and feature-rich ecosystem for solving differential equations in {Julia}},
author={Rackauckas, Christopher and Nie, Qing},
journal={Journal of Open Research Software},
volume={5},
number={1},
pages={15},
year={2017},
}
@article{Diks18,
title = {Critical slowing down as an early warning signal for financial crises?},
journal = {Empirical Economics},
volume = {57},
pages = {1201–1228},
year = {2019},
doi = {10.1007/s00181-018-1527-3},
author = {Diks, C. and Hommes, C. and Wang, J.},
}
@article{Jentsch18,
title = {Spatial correlation as an early warning signal of regime shifts in a multiplex disease-behaviour network},
journal = {Journal of Theoretical Biology},
volume = {448},
pages = {17-25},
year = {2018},
issn = {0022-5193},
doi = {10.1016/j.jtbi.2018.03.032},
author = {Peter C. Jentsch and Madhur Anand and Chris T. Bauch},
}
@article{Kuehn19, 
title={Scaling laws and warning signs for bifurcations of {SPDE}s}, 
volume={30}, 
DOI={10.1017/S0956792518000438}, 
number={5}, 
journal={European Journal of Applied Mathematics}, 
author={Kuehn, Christian and Romano, Francesco}, 
year={2019}, 
pages={853–868}
}
@article{Chen19,
title = {Eigenvalues of the covariance matrix as early warning signals for critical transitions in ecological systems},
journal = {Scientific Reports},
volume = {9},
year = {2019},
doi = {10.1038/s41598-019-38961-5},
author = {Shiyang Chen and Eamon B. O’Dea and John M. Drake and Bogdan I. Epureanu},
}
@article{Pages19,
title = {A Model of {$Ca^{2+}$} Dynamics in an Accurate Reconstruction of Parotid Acinar Cells},
journal = {Bulletin of Mathematical Biology},
volume = {81},
pages = {1394-1426},
year = {2019},
doi = {10.1007/s11538-018-00563-z},
author = {Pages, N. and Vera-Sig{ü}enza, E. and Rugis, J. and Kirk, V. and Yule, D. and Sneyd, J.},
}
@book{Wechselberger20,
title = {Geometric singular perturbation theory beyond the standard form},
publisher = {Springer},
year = {2020},
issn = {978-3-030-36398-7},
doi = {10.1007/978-3-030-36399-4},
author = {Martin Wechselberger},
}
@article{Gottwald20,
title = {Detecting Regime Transitions in Time Series Using Dynamic Mode Decomposition},
journal = {Journal of Statistical Physics},
volume = {179},
pages = {1028–1045},
year = {2020},
doi = {10.1007/s10955-019-02392-3},
author = {Gottwald, G.A. and Gugole, F.},
}
@article{Lever20,
author = {Lever, J. Jelle and van de Leemput, Ingrid A. and Weinans, Els and Quax, Rick and Dakos, Vasilis and van Nes, Egbert H. and Bascompte, Jordi and Scheffer, Marten},
title = {Foreseeing the future of mutualistic communities beyond collapse},
journal = {Ecology Letters},
volume = {23},
number = {1},
pages = {2-15},
doi = {10.1111/ele.13401},
year = {2020}
}
@article{deMooij20,
title = {Dynamics of sleep: Exploring critical transitions and early warning signals},
journal = {Computer Methods and Programs in Biomedicine},
volume = {193},
pages = {105448},
year = {2020},
issn = {0169-2607},
doi = {10.1016/j.cmpb.2020.105448},
author = {Susanne M.M. {de Mooij} and Tessa F. Blanken and Raoul P.P.P. Grasman and Jennifer R. Ramautar and Eus J.W. {Van Someren} and Han L.J. {van der Maas}},
}
@article{Kai20,
title = {Predicting default rates by capturing critical transitions in the macroeconomic system},
journal = {Finance Research Letters},
volume = {32},
pages = {101107},
year = {2020},
issn = {1544-6123},
doi = {10.1016/j.frl.2019.02.007},
author = {Kai Xing and Xiaoguang Yang},
}
@Article{Lohmann21,
AUTHOR = {Lohmann, J. and Castellana, D. and Ditlevsen, P. D. and Dijkstra, H. A.},
TITLE = {Abrupt climate change as a rate-dependent cascading tipping point},
JOURNAL = {Earth System Dynamics},
VOLUME = {12},
YEAR = {2021},
NUMBER = {3},
PAGES = {819--835},
DOI = {10.5194/esd-12-819-2021}
}
@article{Lee21,
author = {Lee, J. and Huvanandana, J. and Foster, J. and Reddel, H. and Abramson, M. and Thamrin, C. and Hew, M.},
title = {Dynamics of inhaled corticosteroid use are associated with asthma attacks},
journal = {Scientific reports},
volume = {11},
year = {2021},
doi = {10.1038/s41598-021-94219-z},
}
@article{Scheffer21,
author = {Marten Scheffer  and Egbert H. van Nes  and Darcy Bird  and R. Kyle Bocinsky  and Timothy A. Kohler },
title = {Loss of resilience preceded transformations of pre-Hispanic Pueblo societies},
journal = {{Proceedings of the National Academy of Sciences}},
volume = {118},
number = {18},
year = {2021},
doi = {10.1073/pnas.2024397118},
}
@article{Bury21,
author = {Thomas M. Bury  and R. I. Sujith  and Induja Pavithran  and Marten Scheffer  and Timothy M. Lenton  and Madhur Anand  and Chris T. Bauch },
title = {Deep learning for early warning signals of tipping points},
journal = {{Proceedings of the National Academy of Sciences}},
volume = {118},
number = {39},
year = {2021},
doi = {10.1073/pnas.2106140118},
}
@book{Uecker21,
author = {Uecker, Hannes},
title = {Numerical Continuation and Bifurcation in Nonlinear {PDE}s},
publisher = {Society for Industrial and Applied Mathematics},
year = {2021},
doi = {10.1137/1.9781611976618},
}
@article{Quinn21, 
doi = {10.21105/joss.02977}, 
year = {2021}, 
publisher = {The Open Journal}, 
volume = {6}, 
number = {59}, 
author = {Andrew J. Quinn and Vitor Lopes-dos-Santos and David Dupret and Anna Christina Nobre and Mark W. Woolrich}, 
title = {{EMD}: Empirical Mode Decomposition and {Hilbert-Huang} Spectral Analyses in {Python}}, 
journal = {Journal of Open Source Software}
}
@article{Donovan22,
title = {Spatial early warning signals for tipping points using dynamic mode decomposition},
journal = {Physica {A}: Statistical Mechanics and its Applications},
volume = {596},
pages = {127152},
year = {2022},
issn = {0378-4371},
doi = {10.1016/j.physa.2022.127152},
author = {G.M. Donovan and C. Brand}
}
@article{Chen22,
author = {Chen, Shiyang  and Ghadami, Amin  and Epureanu, Bogdan I. },
title = {Practical guide to using {K}endall's {$\tau$} in the context of forecasting critical transitions},
journal = {{Royal Society Open Science}},
volume = {9},
number = {7},
pages = {211346},
year = {2022},
doi = {10.1098/rsos.211346},
}
@article{Proverbio23,
title = {Systematic analysis and optimization of early warning signals for critical transitions using distribution data},
journal = {i{S}cience},
volume = {26},
number = {7},
pages = {107156},
year = {2023},
issn = {2589-0042},
doi = {10.1016/j.isci.2023.107156},
author = {Daniele Proverbio and Alexander Skupin and Jorge Gonçalves},
}
@article{Yang23,
author = {Yang, C.J. and Kliemt, K. and Krellner, C. and },
title = {Critical slowing down near a magnetic quantum phase transition with fermionic breakdown},
journal = {Nature Physics},
volume = {19},
pages = {1605-1610},
year = {2023},
doi = {10.1038/s41567-023-02156-7},
}
@article{Dylewsky23,
author = {Dylewsky, Daniel  and Lenton, Timothy M.  and Scheffer, Marten  and Bury, Thomas M.  and Fletcher, Christopher G.  and Anand, Madhur  and Bauch, Chris T. },
title = {Universal early warning signals of phase transitions in climate systems},
journal = {Journal of The {Royal Society Interface}},
volume = {20},
number = {201},
pages = {20220562},
year = {2023},
doi = {10.1098/rsif.2022.0562},
}
@Article{Kuehn23,
AUTHOR = {Bernuzzi, P. and Kuehn, C.},
TITLE = {Bifurcations and Early-Warning Signs for {SPDE}s with Spatial Heterogeneity},
JOURNAL = {Journal of Dynamics and Differential Equations},
VOLUME = {35},
YEAR = {2023},
NUMBER = {2},
DOI = {10.1007/s10884-023-10274-2}
}
@Article{Ritchie23,
AUTHOR = {Ritchie, P. D. L. and Alkhayuon, H. and Cox, P. M. and Wieczorek, S.},
TITLE = {Rate-induced tipping in natural and human systems},
JOURNAL = {Earth System Dynamics},
VOLUME = {14},
YEAR = {2023},
NUMBER = {3},
PAGES = {669--683},
DOI = {10.5194/esd-14-669-2023}
}
@article{Deb24,
author = {Deb, Smita  and Dutta, Partha Sharathi },
title = {Critical transitions in spatial systems induced by {Ornstein–Uhlenbeck} noise: spatial mutual information as a precursor},
journal = {Proceedings of the {Royal Society A}},
volume = {480},
number = {2283},
year = {2024},
doi = {10.1098/rspa.2023.0594},
}
@article{Chan24,
author = {Chan, Amy Hai Yan and Te Ao, Braden and Baggott, Christina and Cavadino, Alana and Eikholt, Amber A and Harwood, Matire and Hikaka, Joanna and Gibbs, Dianna and Hudson, Mariana and Mirza, Farhaan and Naeem, Muhammed Asif and Semprini, Ruth and Chang, Catherina L and Tsang, Kevin C H and Shah, Syed Ahmar and Jeremiah, Aron and Abeysinghe, Binu Nisal and Roy, Rajshri and Wall, Clare and Wood, Lisa and Dalziel, Stuart and Pinnock, Hilary and van Boven, Job F M and Roop, Partha and Harrison, Jeff},
title = {{DIGIPREDICT}: physiological, behavioural and environmental predictors of asthma attacks - a prospective observational study using digital markers and artificial intelligence - study protocol},
volume = {11},
number = {1},
year = {2024},
doi = {10.1136/bmjresp-2023-002275},
journal = {{BMJ} Open Respiratory Research}
}
